<record><leader>00000cas a22000007a 4500</leader><controlfield tag="001">26962030</controlfield><controlfield tag="008">921112c19919999okuwr ne      0   a0eng c</controlfield><datafield ind1=" " ind2=" " tag="010"><subfield code="a">sn 92006606 </subfield></datafield><datafield ind1=" " ind2=" " tag="040"><subfield code="a">NSD</subfield><subfield code="b">eng</subfield><subfield code="c">NSD</subfield><subfield code="d">OBN</subfield><subfield code="d">OCLCQ</subfield><subfield code="d">OCLCF</subfield><subfield code="d">OCLCO</subfield></datafield><datafield ind1=" " ind2=" " tag="012"><subfield code="j">0</subfield><subfield code="m">1</subfield></datafield><datafield ind1="1" ind2=" " tag="022"><subfield code="a">1066-4882</subfield><subfield code="l">1066-4882</subfield><subfield code="2">1</subfield></datafield><datafield ind1="1" ind2=" " tag="029"><subfield code="a">AU@</subfield><subfield code="b">000020728559</subfield></datafield><datafield ind1=" " ind2=" " tag="032"><subfield code="a">136240</subfield><subfield code="b">USPS</subfield></datafield><datafield ind1=" " ind2=" " tag="042"><subfield code="a">nsdp</subfield><subfield code="a">pcc</subfield></datafield><datafield ind1="0" ind2=" " tag="130"><subfield code="a">Coweta American (Coweta, Okla. : 1991)</subfield></datafield><datafield ind1=" " ind2="0" tag="222"><subfield code="a">Coweta American</subfield><subfield code="b">(1991)</subfield></datafield><datafield ind1="0" ind2="0" tag="245"><subfield code="a">Coweta American.</subfield></datafield><datafield ind1=" " ind2=" " tag="260"><subfield code="a">Coweta, Okla. :</subfield><subfield code="b">Retherford Pub.</subfield></datafield><datafield ind1=" " ind2=" " tag="310"><subfield code="a">Weekly</subfield></datafield><datafield ind1="0" ind2=" " tag="362"><subfield code="a">Vol. 96, no. 84 (Aug. 28, 1991)-</subfield></datafield><datafield ind1=" " ind2="0" tag="651"><subfield code="a">Coweta (Okla.)</subfield><subfield code="v">Newspapers.</subfield></datafield><datafield ind1=" " ind2="0" tag="651"><subfield code="a">Wagoner County (Okla.)</subfield><subfield code="v">Newspapers.</subfield></datafield><datafield ind1=" " ind2="7" tag="655"><subfield code="a">Newspapers.</subfield><subfield code="2">fast</subfield><subfield code="0">(OCoLC)fst01423814</subfield></datafield><datafield ind1=" " ind2="7" tag="651"><subfield code="a">Oklahoma</subfield><subfield code="z">Coweta.</subfield><subfield code="2">fast</subfield><subfield code="0">(OCoLC)fst01253457</subfield></datafield><datafield ind1=" " ind2="7" tag="651"><subfield code="a">Oklahoma</subfield><subfield code="z">Wagoner County.</subfield><subfield code="2">fast</subfield><subfield code="0">(OCoLC)fst01208618</subfield></datafield><datafield ind1=" " ind2=" " tag="752"><subfield code="a">United States</subfield><subfield code="b">Oklahoma</subfield><subfield code="c">Wagoner</subfield><subfield code="d">Coweta.</subfield></datafield><datafield ind1="0" ind2="0" tag="780"><subfield code="t">Coweta times-American</subfield><subfield code="w">(DLC)sn 9206605</subfield><subfield code="w">(OCoLC)26960472</subfield></datafield></record>